<record><leader>00000cas a2200000 a 4500</leader><controlfield tag="001">9309658</controlfield><controlfield tag="008">830315d18451859ctuwr ne      0    0eng  </controlfield><datafield ind1=" " ind2=" " tag="010"><subfield code="a">sn 82016391 </subfield></datafield><datafield ind1=" " ind2=" " tag="040"><subfield code="a">DLC</subfield><subfield code="b">eng</subfield><subfield code="c">DLC</subfield><subfield code="d">NPX</subfield><subfield code="d">NPA</subfield><subfield code="d">DLC</subfield><subfield code="d">YOX</subfield><subfield code="d">CNW</subfield><subfield code="d">OCL</subfield><subfield code="d">DLC</subfield><subfield code="d">KRTAS</subfield><subfield code="d">GBVCP</subfield><subfield code="d">CUI</subfield><subfield code="d">DLC</subfield><subfield code="d">OCLCQ</subfield><subfield code="d">OCLCF</subfield></datafield><datafield ind1=" " ind2=" " tag="015"><subfield code="a">016079116</subfield><subfield code="2">dnb</subfield></datafield><datafield ind1="7" ind2=" " tag="016"><subfield code="a">1076910-9</subfield><subfield code="2">DE-600</subfield></datafield><datafield ind1="7" ind2=" " tag="016"><subfield code="a">016079116</subfield><subfield code="2">DE-101</subfield></datafield><datafield ind1="1" ind2=" " tag="029"><subfield code="a">AU@</subfield><subfield code="b">000020120771</subfield></datafield><datafield ind1="1" ind2=" " tag="029"><subfield code="a">GBVCP</subfield><subfield code="b">130983969</subfield></datafield><datafield ind1=" " ind2=" " tag="042"><subfield code="a">pcc</subfield></datafield><datafield ind1=" " ind2=" " tag="043"><subfield code="a">n-us-ct</subfield></datafield><datafield ind1="0" ind2="0" tag="050"><subfield code="a">Newspaper</subfield></datafield><datafield ind1=" " ind2="4" tag="050"><subfield code="a">AN</subfield></datafield><datafield ind1="0" ind2=" " tag="130"><subfield code="a">Norwich weekly courier (Norwich, Conn. : 1845)</subfield></datafield><datafield ind1="1" ind2="0" tag="245"><subfield code="a">Norwich weekly courier.</subfield></datafield><datafield ind1="1" ind2=" " tag="246"><subfield code="i">Issues for Oct. 14, 1846-Mar. 2, 1859 published as:</subfield><subfield code="a">Weekly courier</subfield></datafield><datafield ind1=" " ind2=" " tag="260"><subfield code="a">Norwich, Conn. :</subfield><subfield code="b">D.E. Sykes,</subfield><subfield code="c">1845-</subfield></datafield><datafield ind1=" " ind2=" " tag="300"><subfield code="a">v.</subfield></datafield><datafield ind1=" " ind2=" " tag="310"><subfield code="a">Weekly</subfield></datafield><datafield ind1="0" ind2=" " tag="362"><subfield code="a">New ser., vol. 24, no. 35 (Nov. 5, 1845)-new ser., v. 35, no. 23 (July 30, 1856) = whole no. 3243-3792 ; vol. 58, no. 24 (Aug. 5, 1856)-v. 61, no. 26 (Aug. 27, 1859) = whole no. 3793-3952.</subfield></datafield><datafield ind1=" " ind2=" " tag="515"><subfield code="a">Issues for &lt;Jan. 21, 1846&gt;-July 30, 1856 also called vol. &lt;47&gt;-58.</subfield></datafield><datafield ind1=" " ind2=" " tag="580"><subfield code="a">Triweekly ed.: Norwich evening courier (Norwich, Conn. : 1845), 1845-July 29, 1856, and: Evening courier (Norwich, Conn.), Aug. 5, 1856-Nov. 27, 1858.</subfield></datafield><datafield ind1=" " ind2=" " tag="580"><subfield code="a">Daily ed.: Norwich daily courier, Dec. 1, 1858-Aug. 1859.</subfield></datafield><datafield ind1=" " ind2=" " tag="580"><subfield code="a">Merged with: Norwich daily courier, to become: Norwich semi-weekly courier.</subfield></datafield><datafield ind1=" " ind2="0" tag="651"><subfield code="a">Norwich (Conn.)</subfield><subfield code="v">Newspapers.</subfield></datafield><datafield ind1=" " ind2="0" tag="651"><subfield code="a">New London County (Conn.)</subfield><subfield code="v">Newspapers.</subfield></datafield><datafield ind1=" " ind2="7" tag="655"><subfield code="a">Newspapers.</subfield><subfield code="2">fast</subfield><subfield code="0">(OCoLC)fst01423814</subfield></datafield><datafield ind1=" " ind2="7" tag="651"><subfield code="a">Connecticut</subfield><subfield code="z">New London County.</subfield><subfield code="2">fast</subfield><subfield code="0">(OCoLC)fst01221053</subfield></datafield><datafield ind1=" " ind2="7" tag="651"><subfield code="a">Connecticut</subfield><subfield code="z">Norwich.</subfield><subfield code="2">fast</subfield><subfield code="0">(OCoLC)fst01216259</subfield></datafield><datafield ind1=" " ind2=" " tag="752"><subfield code="a">United States</subfield><subfield code="b">Connecticut</subfield><subfield code="c">New London</subfield><subfield code="d">Norwich.</subfield></datafield><datafield ind1="1" ind2=" " tag="775"><subfield code="t">Norwich evening courier (Norwich, Conn. : 1845)</subfield><subfield code="w">(DLC)sn 82015206</subfield><subfield code="w">(OCoLC)8811033</subfield></datafield><datafield ind1="1" ind2=" " tag="775"><subfield code="t">Evening courier (Norwich, Conn.)</subfield><subfield code="w">(DLC)sn 84022582</subfield><subfield code="w">(OCoLC)10494472</subfield></datafield><datafield ind1="0" ind2="8" tag="776"><subfield code="i">Online version:</subfield><subfield code="t">Norwich weekly courier (Norwich, Conn. : 1845 : Online)</subfield><subfield code="w">(OCoLC)665170932</subfield></datafield><datafield ind1="0" ind2="0" tag="780"><subfield code="t">Norwich courier (Norwich, Conn. : 1809)</subfield><subfield code="w">(DLC)sn 82015194</subfield><subfield code="w">(OCoLC)2265231</subfield></datafield><datafield ind1="1" ind2="7" tag="785"><subfield code="t">Norwich daily courier</subfield><subfield code="w">(DLC)sn 84022583</subfield><subfield code="w">(OCoLC)10494535</subfield></datafield><datafield ind1="1" ind2="7" tag="785"><subfield code="t">Norwich semi-weekly courier</subfield><subfield code="w">(DLC)sn 84022586</subfield><subfield code="w">(OCoLC)10494024</subfield></datafield><datafield ind1=" " ind2=" " tag="938"><subfield code="a">Kirtas Technologies, Inc.</subfield><subfield code="b">KRTS</subfield><subfield code="n">736263</subfield></datafield></record>